1023 1679
834 65 52 32 [bk.

75 75 48 30 356

318 81 34 14 AN
367 78 123 17 ENGLISH
511 76 177 18 ANTHOLOGY.

905 70 27 15 Ill

915 937 23 13 iv

111 179 76 25 With
204 178 63 24 such
287 175 204 31 heart-shaking
506 173 94 30 music,
615 172 61 25 who
690 179 49 16 can
755 178 46 23 say

111 221 85 25 What
209 228 44 16 are
267 220 34 23 its
314 219 100 30 tidings
430 218 8 24 ?
456 217 67 24 have
537 224 48 16 our
598 220 92 26 troops
704 212 108 25 awaked
826 211 7 24 ?

113 265 36 23 Or
162 265 33 22 do
209 263 63 31 they
287 262 60 29 still,
363 270 29 15 as
408 260 20 24 if
438 260 64 24 with
517 259 90 31 opium
623 257 129 31 drugged,

114 306 84 25 Snore
211 309 27 20 to
253 304 44 24 the
311 311 134 16 murmurs
458 302 30 24 of
498 302 44 23 the
556 300 117 25 Atlantic
687 307 75 16 wave
775 298 9 23 ?

114 348 26 23 Is
156 348 75 23 India
245 346 52 24 free
308 347 8 23 ?
340 346 51 24 and
405 346 64 23 does
484 344 46 24 she
545 351 68 16 wear
626 342 47 24 her
685 340 108 33 plumed

114 390 59 24 And
184 390 120 32 jewelled
319 388 95 24 turban
428 386 63 25 with
507 395 14 15 a
536 386 77 23 smile
627 384 30 24 of
667 392 86 23 peace,

115 432 35 24 Or
164 433 32 23 do
210 440 38 15 we
264 430 75 32 grind
353 430 45 24 her
413 430 51 23 still
476 429 9 24 ?
508 428 58 24 The
580 427 82 31 grand
677 425 103 28 debate,

114 472 58 25 The
186 472 111 30 popular
309 471 145 31 harangue,
469 469 45 24 the
528 472 52 20 tart
594 468 81 31 reply,

114 513 57 25 The
186 513 76 32 logic,
277 513 52 23 and
343 513 44 22 the
401 512 120 29 wisdom,
537 510 52 23 and
603 510 44 23 the
662 508 53 28 wit,

115 556 59 23 And
189 555 44 24 the
246 555 61 24 loud
321 554 82 31 laugh
409 568 24 2 —
441 553 10 23 I
467 553 63 30 long
545 557 26 18 to
585 552 78 22 know
676 550 73 24 them
765 549 34 24 all
810 557 2 18 ;

117 597 10 23 I
143 597 66 24 burn
223 601 27 19 to
265 601 39 19 set
319 596 44 23 the
378 595 162 31 imprisoned
555 593 145 31 wranglers
714 591 61 27 free,

116 639 59 23 And
190 638 59 30 give
263 638 71 24 them
350 637 74 24 voice
437 637 52 23 and
504 640 135 20 utterance
654 642 65 16 once
734 634 77 31 again

153 681 67 23 Now
236 680 45 23 stir
296 680 44 23 the
354 679 53 29 fire,
422 679 52 22 and
489 679 70 23 close
573 679 45 22 the
633 677 118 24 shutters
766 675 59 26 fast.

118 723 49 23 Let
181 722 44 23 fall
239 722 44 23 the
297 721 126 28 curtains,
437 720 84 24 wheel
535 720 44 23 the
595 718 56 25 sofa
665 719 91 26 round,

117 764 59 24 And
190 763 77 25 while
281 763 44 24 the
340 762 128 31 bubbling
482 762 51 23 and
548 760 178 31 loud-hissing
740 768 48 16 urn

117 806 113 23 Throws
244 813 35 23 up
292 812 16 16 a
322 808 104 27 steamy
436 804 116 28 column,
567 803 51 23 and
632 802 45 24 the
691 810 65 23 cups

118 847 71 25 That
203 847 76 24 cheer
293 847 45 23 but
353 850 46 20 not
414 845 133 30 inebriate,
563 845 62 24 wait
639 853 34 15 on
687 845 72 29 each,

121 889 36 24 So
171 889 35 24 let
220 896 31 16 us
265 888 127 24 welcome
407 886 117 30 peaceful
539 887 116 29 evening
668 887 36 23 in.

579 945 31 2 —
614 929 132 30 Cowper's
764 928 79 29 Task,
858 928 31 24 bk.

465 978 102 15 CCLXVI.

314 1020 198 18 MEDITATION
535 1020 32 18 IN
590 1020 133 18 WINTER.

157 1060 63 23 The
235 1060 77 30 night
326 1067 55 16 was
395 1059 95 23 winter
503 1059 27 23 in
545 1059 41 23 his
602 1059 127 31 roughest
745 1060 88 26 mood,

122 1102 58 24 The
194 1101 124 31 morning
333 1101 80 31 sharp
427 1101 52 23 and
493 1101 77 24 clear.
610 1101 52 24 But
677 1109 60 16 now
751 1105 27 20 at
792 1109 80 21 noon,

125 1145 79 31 Upon
220 1145 44 23 the
279 1144 126 24 southern
420 1143 55 24 side
490 1143 29 24 of
529 1143 44 24 the
588 1143 70 24 slant
672 1143 72 29 hills,

125 1187 59 24 And
198 1187 89 23 where
301 1187 45 23 the
360 1187 93 22 woods
467 1185 74 25 fence
555 1186 40 24 off
604 1187 44 23 the
663 1187 126 23 northern
804 1187 76 28 blast,

124 1230 58 24 The
197 1237 95 17 season
309 1228 99 29 smiles,
425 1228 139 31 resigning
577 1229 34 23 all
626 1229 34 24 its
674 1237 71 23 rage,

125 1270 58 24 And
198 1271 49 22 has
261 1270 44 23 the
320 1270 110 23 warmth
446 1269 29 23 of
486 1270 71 31 May.
591 1270 58 23 The
662 1271 75 23 vault
751 1271 23 24 is
789 1271 60 24 blue

125 1312 123 24 Without
262 1320 15 15 a
291 1311 84 28 cloud,
392 1310 52 24 and
458 1311 80 24 white
551 1311 113 25 without
678 1320 14 15 a
707 1314 80 29 speck

126 1354 56 24 The
197 1354 124 30 dazzling
336 1355 143 29 splendour
492 1353 30 25 of
532 1354 44 23 the
591 1362 78 16 scene
685 1355 90 25 below.

127 1395 86 31 Again
228 1396 45 23 the
287 1396 132 31 harmony
433 1403 90 16 comes
538 1397 53 22 o'er
604 1395 45 24 the
663 1397 69 28 vale,

127 1437 59 24 And
199 1437 115 31 through
329 1437 44 25 the
386 1442 70 20 trees
471 1437 10 23 I
497 1437 66 24 view
577 1437 44 24 the
635 1439 146 25 embattled
796 1445 81 19 tower

126 1479 122 24 Whence
262 1479 34 23 all
310 1479 43 23 the
368 1479 91 23 music.
501 1479 9 23 I
526 1479 79 29 again
620 1480 119 30 perceive

127 1520 58 24 The
200 1520 126 31 soothing
341 1519 130 25 influence
486 1519 29 25 of
525 1520 44 23 the
581 1520 96 25 wafted
693 1523 108 29 strains,

128 1562 59 23 And
203 1563 76 22 settle
292 1563 25 22 in
333 1561 51 24 soft
394 1562 123 28 musings
531 1569 30 16 as
576 1562 10 23 I
601 1563 72 23 tread
